<?xml version="1.0" encoding="UTF-8"?><record xmlns="http://www.loc.gov/MARC21/slim" xmlns:cinclude="http://apache.org/cocoon/include/1.0" xmlns:zs="http://www.loc.gov/zing/srw/">
  <leader>00559nz  a2200145n  4500</leader>
  <controlfield tag="001">no2011098207</controlfield>
  <controlfield tag="003">DLC</controlfield>
  <controlfield tag="005">20110626074940.0</controlfield>
  <controlfield tag="008">110624n| acannaabn          |n aaa     c</controlfield>
  <datafield tag="010" ind1=" " ind2=" ">
    <subfield code="a">no2011098207</subfield>
  </datafield>
  <datafield tag="035" ind1=" " ind2=" ">
    <subfield code="a">(OCoLC)oca08896649</subfield>
  </datafield>
  <datafield tag="040" ind1=" " ind2=" ">
    <subfield code="a">AzPhBJB</subfield>
    <subfield code="b">eng</subfield>
    <subfield code="c">AzPhBJB</subfield>
  </datafield>
  <datafield tag="100" ind1="1" ind2=" ">
    <subfield code="a">Patch, Louise,</subfield>
    <subfield code="d">1919-2007</subfield>
  </datafield>
  <datafield tag="670" ind1=" " ind2=" ">
    <subfield code="a">The Mohave book for little ones, c2009:</subfield>
    <subfield code="b">t.p. (Louise Patch) t.p. verso (b. Jan. 12, 1919 in Ft. Mojaje; Mohave cultural advisor)</subfield>
  </datafield>
  <datafield tag="670" ind1=" " ind2=" ">
    <subfield code="a">SSDI, June 24, 2011</subfield>
    <subfield code="b">(Patch, Louise; b.Jan. 12,1919; d. Jan. 13, 2007 (V); last address: La Paz, Ariz.)</subfield>
  </datafield>
</record>